<?xml version="1.0" encoding="UTF-8"?>
<collection xmlns:xsi="http://www.w3.org/2001/XMLSchema-instance" xsi:schemaLocation="http://www.loc.gov/MARC21/slim http://www.loc.gov/standards/marcxml/schema/MARC21slim.xsd" xmlns="http://www.loc.gov/MARC21/slim">
<record>
  <leader>01267cam a22003251i 4500</leader>
  <controlfield tag="001">2076557</controlfield>
  <controlfield tag="003">NNC</controlfield>
  <controlfield tag="005">20140126213039.0</controlfield>
  <controlfield tag="008">870506r19631911iq            000 0 ara  </controlfield>
  <datafield tag="010" ind1=" " ind2=" ">
    <subfield code="a">ne 65000759 </subfield>
  </datafield>
  <datafield tag="025" ind1=" " ind2=" ">
    <subfield code="a">PL480: UAR-3850</subfield>
  </datafield>
  <datafield tag="035" ind1=" " ind2=" ">
    <subfield code="a">(OCoLC)23515451</subfield>
  </datafield>
  <datafield tag="035" ind1=" " ind2=" ">
    <subfield code="a">(OCoLC)ocm23515451</subfield>
  </datafield>
  <datafield tag="035" ind1=" " ind2=" ">
    <subfield code="9">AMW3502CU</subfield>
  </datafield>
  <datafield tag="035" ind1=" " ind2=" ">
    <subfield code="a">(NNC)2076557</subfield>
  </datafield>
  <datafield tag="040" ind1=" " ind2=" ">
    <subfield code="c">MiU</subfield>
    <subfield code="d">MiU</subfield>
    <subfield code="d">CtY</subfield>
  </datafield>
  <datafield tag="050" ind1="0" ind2=" ">
    <subfield code="a">HV1584</subfield>
    <subfield code="b">.S25 1911a</subfield>
  </datafield>
  <datafield tag="066" ind1=" " ind2=" ">
    <subfield code="c">(3</subfield>
  </datafield>
  <datafield tag="090" ind1=" " ind2=" ">
    <subfield code="a">D198.3</subfield>
    <subfield code="b">.S12 1963</subfield>
  </datafield>
  <datafield tag="100" ind1="1" ind2=" ">
    <subfield code="6">880-01</subfield>
    <subfield code="a">Ṣafadī, Khalīl ibn Aybak,</subfield>
    <subfield code="d">approximately 1297-1363.</subfield>
  </datafield>
  <datafield tag="245" ind1="1" ind2="0">
    <subfield code="6">880-02</subfield>
    <subfield code="a">Nukat al-himyān fī nukat al-ʻumyān /</subfield>
    <subfield code="c">li-Ṣalāh al-Dīn Khalīl ibn aybak al-Ṣafadi. Miṣr : Maṭbaʻat al-Jamālīyah, 1911.</subfield>
  </datafield>
  <datafield tag="260" ind1=" " ind2=" ">
    <subfield code="6">880-03</subfield>
    <subfield code="a">Baghdād :</subfield>
    <subfield code="b">Maktabat al-Muthanná,</subfield>
    <subfield code="c">1963?</subfield>
  </datafield>
  <datafield tag="300" ind1=" " ind2=" ">
    <subfield code="a">320, 16 p. ;</subfield>
    <subfield code="c">25 cm.</subfield>
  </datafield>
  <datafield tag="500" ind1=" " ind2=" ">
    <subfield code="a">Photocopy.</subfield>
  </datafield>
  <datafield tag="650" ind1=" " ind2="0">
    <subfield code="a">Blind</subfield>
    <subfield code="v">Biography.</subfield>
  </datafield>
  <datafield tag="880" ind1="1" ind2=" ">
    <subfield code="6">100-01/(3/r</subfield>
    <subfield code="a">صفدي، خليل بن ايبك,</subfield>
    <subfield code="d">approximately 1297-1363.</subfield>
  </datafield>
  <datafield tag="880" ind1="1" ind2="0">
    <subfield code="6">245-02/(3/r</subfield>
    <subfield code="a">نكت الهميان في نكت العميان /</subfield>
    <subfield code="c">لصلاح الدين خليل بن ايبك الصفدي. مصر : مطبعة الجمالية، 1911.</subfield>
  </datafield>
  <datafield tag="880" ind1=" " ind2=" ">
    <subfield code="6">260-03/(3/r</subfield>
    <subfield code="a">بغداد :</subfield>
    <subfield code="b">مكتبة المثنى،</subfield>
    <subfield code="c">1963؟</subfield>
  </datafield>
  <datafield tag="955" ind1=" " ind2=" ">
    <subfield code="b">CU52800148</subfield>
    <subfield code="d">off,glx</subfield>
    <subfield code="e">HV1584 .S25 1911a</subfield>
  </datafield>
</record>
</collection>